@book{book:scala-in-depth,
    author  = {Joshua D. Suereth, prefazione di Martin Odersky},
    title   = {Scala in Depth},
    publisher = {Manning},
    year    = {2012}
}

@online{site:scala-lang,
    title   = {Documentazione Scala},
    url     = {http://www.scala-lang.org/}
}

@online{site:doc-orientdb,
    title   = {Documentazione OrientDB},
    url     = {http://orientdb.com/docs/2.1/}
}

@online{site:doc-playframework,
		title		=	{Documentazione Play Framework},
		url			=	{https://www.playframework.com/documentation/2.4.x/Home}
}

@online{site:corso-scala,
		title		=	{Functional Programming Principles in Scala},
		url			=	{https://class.coursera.org/progfun-005}
}

@online{site:corso-orientdb,
		title		=	{OrientDB - Getting Started},
		url			=	{https://www.udemy.com/orientdb-getting-started/}
}
